<?xml version="1.0" encoding="UTF-8"?><collection xmlns="http://www.loc.gov/MARC21/slim"><record><leader>00539nam--2200181-i-4500</leader><controlfield tag="001">000027099</controlfield><controlfield tag="002">20161230</controlfield><controlfield tag="005">20161230201036</controlfield><controlfield tag="008">060222s1000------------r-----000-0-rum-d</controlfield><datafield ind1=" " ind2=" " tag="040"><subfield code="a">IFIN-HH</subfield></datafield><datafield ind1=" " ind2=" " tag="041"><subfield code="a">rum</subfield></datafield><datafield ind1=" " ind2=" " tag="080"><subfield code="a">5(091):030</subfield></datafield><datafield ind1="1" ind2=" " tag="100"><subfield code="a">Rene, Taton</subfield></datafield><datafield ind1="1" ind2="0" tag="245"><subfield code="a">Istoria generala a stiintei</subfield><subfield code="b">Stiinta moderna de la 1450 la 1800. traducere dupa editia a doua (revizuita si adusa la zi 1969)</subfield><subfield code="c">Taton rene</subfield></datafield><datafield ind1=" " ind2=" " tag="260"><subfield code="a">Bucuresti</subfield><subfield code="b">Editura Stiintifica</subfield><subfield code="c">1981</subfield></datafield><datafield ind1=" " ind2=" " tag="300"><subfield code="a">886P</subfield></datafield><datafield ind1=" " ind2=" " tag="852"><subfield code="a">34466</subfield><subfield code="c">5</subfield></datafield><datafield ind1=" " ind2=" " tag="CAT"><subfield code="a">Sys</subfield><subfield code="c">20120704</subfield><subfield code="h">155230</subfield></datafield></record></collection>